%% This BibTeX bibliography file was created using BibDesk.
%% http://bibdesk.sourceforge.net/

%% Created for Malcolm Ramsay at 2014-12-14 21:31:11 +1100 


%% Saved with string encoding Unicode (UTF-8) 



@article{blatov:95,
	Author = {Blatov, V. A. and Shevchenko, A. P. and Serenzhkin, V. N.},
	Date-Added = {2014-12-14 09:49:49 +0000},
	Date-Modified = {2014-12-14 09:55:57 +0000},
	Doi = {10.1107/S0108767395006799},
	Issn = {1600-5724},
	Journal = {Acta Crystallographica Section A},
	Number = {6},
	Pages = {909--916},
	Publisher = {International Union of Crystallography},
	Title = {Crystal space analysis by means of Voronoi--Dirichlet polyhedra},
	Url = {http://dx.doi.org/10.1107/S0108767395006799},
	Volume = {51},
	Year = {1995},
	Bdsk-Url-1 = {http://dx.doi.org/10.1107/S0108767395006799},
	Bdsk-File-1 = {YnBsaXN0MDDUAQIDBAUGJCVYJHZlcnNpb25YJG9iamVjdHNZJGFyY2hpdmVyVCR0b3ASAAGGoKgHCBMUFRYaIVUkbnVsbNMJCgsMDxJXTlMua2V5c1pOUy5vYmplY3RzViRjbGFzc6INDoACgAOiEBGABIAFgAdccmVsYXRpdmVQYXRoWWFsaWFzRGF0YV8QTy4uL3Jlc291cmNlcy9DcnlzdGFsIFNwYWNlIEFuYWx5c2lzIGJ5IG1lYW5zIG9mIFZvbG9ub2ktRGlyaWNobGV0IFBvbHloZWRyYS5wZGbSFwsYGVdOUy5kYXRhTxECKgAAAAACKgACAAAERGF0YQAAAAAAAAAAAAAAAAAAAAAAAAAAAAAA0GU16EgrAAAAArwKH0NyeXN0YWwgU3BhY2UgQW5hbHlzaSM5MTZCRi5wZGYAAAAAAAAAAAAAAAAAAAAAAAAAAAAAAAAAAAAAAAAAAAAJFr/Qs6h/AAAAAAAAAAAAAQACAAAJAAAAAAAAAAAAAAAAAAAAAAlyZXNvdXJjZXMAABAACAAA0GSbOAAAABEACAAA0LMNzwAAAAEADAACvAoAATIRAAiRgwACAEZEYXRhOkdvb2dsZSBEcml2ZToASG9ub3VyczoAcmVzb3VyY2VzOgBDcnlzdGFsIFNwYWNlIEFuYWx5c2kjOTE2QkYucGRmAA4AhgBCAEMAcgB5AHMAdABhAGwAIABTAHAAYQBjAGUAIABBAG4AYQBsAHkAcwBpAHMAIABiAHkAIABtAGUAYQBuAHMAIABvAGYAIABWAG8AbABvAG4AbwBpAC0ARABpAHIAaQBjAGgAbABlAHQAIABQAG8AbAB5AGgAZQBkAHIAYQAuAHAAZABmAA8ACgAEAEQAYQB0AGEAEgBiL0dvb2dsZSBEcml2ZS9Ib25vdXJzL3Jlc291cmNlcy9DcnlzdGFsIFNwYWNlIEFuYWx5c2lzIGJ5IG1lYW5zIG9mIFZvbG9ub2ktRGlyaWNobGV0IFBvbHloZWRyYS5wZGYAEwANL1ZvbHVtZXMvRGF0YQD//wAAgAbSGxwdHlokY2xhc3NuYW1lWCRjbGFzc2VzXU5TTXV0YWJsZURhdGGjHR8gVk5TRGF0YVhOU09iamVjdNIbHCIjXE5TRGljdGlvbmFyeaIiIF8QD05TS2V5ZWRBcmNoaXZlctEmJ1Ryb290gAEACAARABoAIwAtADIANwBAAEYATQBVAGAAZwBqAGwAbgBxAHMAdQB3AIQAjgDgAOUA7QMbAx0DIgMtAzYDRANIA08DWANdA2oDbQN/A4IDhwAAAAAAAAIBAAAAAAAAACgAAAAAAAAAAAAAAAAAAAOJ}}

@book{wells:73,
	Author = {Wells, A. F.},
	Date-Added = {2014-12-14 09:36:32 +0000},
	Date-Modified = {2014-12-14 09:38:07 +0000},
	Edition = {4},
	Publisher = {Clarendon},
	Title = {Structural Inorganic Chemistry},
	Year = {1975}}

@book{kitaikorodskii:73,
	Author = {Kitaigorodskii, A. I.},
	Date-Added = {2014-12-14 08:37:52 +0000},
	Date-Modified = {2014-12-14 08:39:20 +0000},
	Publisher = {Academic Press},
	Title = {Molecular Crystals and Molecules},
	Year = {1973}}

@article{tondl:14,
	Author = {Tondl, Elisabeth and Ramsay, Malcolm and Harrowell, Peter and Widmer-Cooper, Asaph},
	Date-Added = {2014-12-03 04:53:04 +0000},
	Date-Modified = {2014-12-03 04:53:19 +0000},
	Doi = {http://dx.doi.org/10.1063/1.4867388},
	Eid = 104503,
	Journal = {The Journal of Chemical Physics},
	Number = {10},
	Pages = {-},
	Title = {Defect-mediated relaxation in the random tiling phase of a binary mixture: Birth, death and mobility of an atomic zipper},
	Url = {http://scitation.aip.org/content/aip/journal/jcp/140/10/10.1063/1.4867388},
	Volume = {140},
	Year = {2014},
	Bdsk-Url-1 = {http://scitation.aip.org/content/aip/journal/jcp/140/10/10.1063/1.4867388},
	Bdsk-Url-2 = {http://dx.doi.org/10.1063/1.4867388}}

@article{han:13,
	Author = {Han, Youngkyu and Lee, Juncheol and Choi, Siyoung Q. and Choi, Myung Chul and Kim, Mahn Won},
	Date-Added = {2014-12-03 01:57:22 +0000},
	Date-Modified = {2014-12-03 02:04:29 +0000},
	Doi = {10.1103/PhysRevE.88.042202},
	Issue = {4},
	Journal = {Phys. Rev. E},
	Month = {Oct},
	Numpages = {6},
	Pages = {042202},
	Publisher = {American Physical Society},
	Title = {Shape-induced chiral ordering in two-dimensional packing of snowmanlike dimeric particles},
	Url = {http://link.aps.org/doi/10.1103/PhysRevE.88.042202},
	Volume = {88},
	Year = {2013},
	Bdsk-Url-1 = {http://link.aps.org/doi/10.1103/PhysRevE.88.042202},
	Bdsk-Url-2 = {http://dx.doi.org/10.1103/PhysRevE.88.042202}}
